@article{urbanowicz2012gametes,
  title={GAMETES: a fast, direct algorithm for generating pure, strict, epistatic models with random architectures},
  author={Urbanowicz, Ryan J and Kiralis, Jeff and Sinnott-Armstrong, Nicholas A and Heberling, Tamra and Fisher, Jonathan M and Moore, Jason H},
  journal={BioData mining},
  volume={5},
  number={1},
  pages={1--14},
  year={2012},
  publisher={Springer}
}

@article{urbanowicz2012predicting,
  title={Predicting the difficulty of pure, strict, epistatic models: metrics for simulated model selection},
  author={Urbanowicz, Ryan J and Kiralis, Jeff and Fisher, Jonathan M and Moore, Jason H},
  journal={BioData mining},
  volume={5},
  number={1},
  pages={1--13},
  year={2012},
  publisher={Springer}
}

@article{urbanowicz2013classification,
  title={A classification and characterization of two-locus, pure, strict, epistatic models for simulation and detection},
  author={Urbanowicz, Ryan J and Granizo-Mackenzie, Ambrose LS and Kiralis, Jeff and Moore, Jason H},
  journal={BioData mining},
  year={Submitted},
}

@conference{urbanowicz2010application,
  title={{The application of michigan-style learning classifier systems to address genetic heterogeneity and epistasis in association studies}},
  author={Urbanowicz, R.J. and Moore, J.H.},
  booktitle={Proceedings of the 12th annual conference on Genetic and evolutionary computation},
  pages={195--202},
  year={2010},
  organization={ACM}
}

@article{urbanowicz2011application,
  title={The application of pittsburgh-style learning classifier systems to address genetic heterogeneity and epistasis in association studies},
  author={Urbanowicz, R. and Moore, J.},
  journal={Parallel Problem Solving from Nature--PPSN XI},
  pages={404--413},
  year={2011},
  publisher={Springer}
}


@article{edwards2009exploring,
  title={{Exploring the performance of multifactor dimensionality reduction in large scale SNP studies and in the presence of genetic heterogeneity among epistatic disease models}},
  author={Edwards, T. and Lewis, K. and Digna, T. and Dudek, R. and Ritchie, M.},
  journal={Hum. Hered},
  volume={67},
  pages={183--192},
  year={2009}
}

@article{motsinger2008comparison,
  title={{A comparison of analytical methods for genetic association studies}},
  author={Motsinger-Reif, A.A. and Reif, D.M. and Fanelli, T.J. and Ritchie, M.D.},
  journal={Genetic epidemiology},
  volume={32},
  number={8},
  pages={767--778},
  year={2008},
  publisher={Wiley Online Library}
}